@book{Kotlin_In-D,
  author = {Aleksei Sedunov},
  year = {2022},
    edition = {2.},
  title = {Kotlin In-Depth: A Guide to a Multipurpose Programming Language for Server-Side, Front-End, Android, and Multiplatform Mobile},
  publisher = {BPB-Publications}
}

@misc{KotlinLangSpec,
author = {Marat Akhin und Mikhail Belyaev},
  title = {{Kotlin language specification}},
  howpublished = {\url{https://kotlinlang.org/spec/introduction.html}},
  note = {letzter Zugriff: 04.01.2024},
publisher = {JetBrains}
}

@misc{KotlinLangDoc,
author = {JetBrains},
  title = {{Kotlin documentation}},
  howpublished = {\url{https://kotlinlang.org/docs/home.html}},
  note = {letzter Zugriff: 04.01.2024}
}

@misc{KotlinLangDocFAQ,
author = {JetBrains},
  title = {{Kotlin documentation: }FAQ},
  howpublished = {\url{https://kotlinlang.org/docs/faq.html}},
  note = {letzter Zugriff: 04.01.2024}
}

@misc{KotlinLangDocMulti,
author = {JetBrains},
  title = {{Kotlin documentation: }Kotlin Multiplatform},
  howpublished = {\url{https://kotlinlang.org/docs/multiplatform.html}},
  note = {letzter Zugriff: 04.01.2024}
}

@misc{KotlinLangDocHigherOrder,
author = {JetBrains},
  title = {{Kotlin documentation: } higher-order function},
  howpublished = {\url{https://kotlinlang.org/docs/lambdas.html}},
  note = {letzter Zugriff: 04.01.2024}
}

@misc{KotlinLangDocCoroutines,
author = {JetBrains},
  title = {{Kotlin documentation: }coroutines basics},
  howpublished = {\url{https://kotlinlang.org/docs/coroutines-basics.html}},
  note = {letzter Zugriff: 04.01.2024}
}

@misc{KotlinLangDocExtensions,
author = {JetBrains},
  title = {{Kotlin documentation: }extensions},
  howpublished = {\url{https://kotlinlang.org/docs/extensions.html#extension-functions}},
  note = {letzter Zugriff: 04.01.2024}
}


@misc{KotlinLangDocData,
author = {JetBrains},
  title = {{Kotlin documentation: }data science},
  howpublished = {\url{https://kotlinlang.org/docs/data-science-overview.html}},
  note = {letzter Zugriff: 04.01.2024}
}

@misc{AndroidKotlin,
author = {Google},
  title = {{Android developer documentation: }Kotlin},
  howpublished = {\url{https://developer.android.com/kotlin}},
  note = {letzter Zugriff: 04.01.2024}
}

@misc{AndroidCoroutine,
author = {Google},
  title = {{Android developer documentation: }Kotlin Coroutines on Android},
  howpublished = {\url{https://developer.android.com/kotlin/coroutines}},
  note = {letzter Zugriff: 04.01.2024}
}

@misc{KotlinLangDocServer,
author = {JetBrains},
  title = {{Kotlin documentation: }kotlin for server side},
  howpublished = {\url{https://kotlinlang.org/docs/server-overview.html}},
  note = {letzter Zugriff: 04.01.2024}
}


@misc{clikt,
author = {ajalt},
  title = {{Command Line Interface for Kotlin: clikt}},
  howpublished = {\url{https://ajalt.github.io/clikt/quickstart/}},
  note = {letzter Zugriff: 04.01.2024}
}

@misc{GoogleHome,
author = {Google},
  title = {{Android Developer Stories}},
  howpublished = {\url{https://developer.android.com/stories/apps/google-home?hl=en}},
  note = {letzter Zugriff: 05.01.2024}
}

@misc{Duolingo,
author = {Google},
  title = {{Android Developer Stories}},
  howpublished = {\url{https://developer.android.com/stories/apps/duolingo-kotlin?hl=en}},
  note = {letzter Zugriff: 05.01.2024}
}

@misc{Netflx,
author = {David Henry and Mel Yahya},
  title = {{Netflix Android and iOS Studio Apps - now powered by Kotlin Multiplatform}},
  howpublished = {\url{https://netflixtechblog.com/netflix-android-and-ios-studio-apps-kotlin-multiplatform-d6d4d8d25d23}},
  note = {letzter Zugriff: 05.01.2024},
date ={2020}
}


